@book{hankin2004introduction,
  title={An Introduction to Lambda Calculi for Computer Scientists},
  author={Hankin, C.},
  isbn={9780954300654},
  series={Texts in computing},
  url={https://books.google.com/books?id=kzdmQgAACAAJ},
  year={2004},
  publisher={Kings College}
}
